<?xml version="1.0" encoding="UTF-8"?><collection xmlns="http://www.loc.gov/MARC21/slim"><record><leader>00402nam--2200133-i-4500</leader><controlfield tag="001">000035619</controlfield><controlfield tag="002">20161230</controlfield><controlfield tag="005">20161230201040</controlfield><controlfield tag="008">060222s1000------------r-----000-0-eng-d</controlfield><datafield ind1="1" ind2=" " tag="100"><subfield code="a">Murray, Francis J. And Kenneth S Miller</subfield></datafield><datafield ind1="1" ind2="0" tag="245"><subfield code="a">Existence theorems for ordinary differential equations</subfield></datafield><datafield ind1=" " ind2=" " tag="260"><subfield code="a">New York, University Press, 1954, X + 153p</subfield></datafield><datafield ind1=" " ind2=" " tag="852"><subfield code="a">12111</subfield><subfield code="c">517.9</subfield></datafield><datafield ind1=" " ind2=" " tag="CAT"><subfield code="a">Sys</subfield><subfield code="c">20080929</subfield><subfield code="h">094811</subfield></datafield></record></collection>